<record><leader>00000cas a2200000 a 4500</leader><controlfield tag="001">34295560</controlfield><controlfield tag="008">960301d18881898fluwr ne      0    0eng c</controlfield><datafield ind1=" " ind2=" " tag="010"><subfield code="a">sn 96027180 </subfield></datafield><datafield ind1=" " ind2=" " tag="040"><subfield code="a">FUG</subfield><subfield code="b">eng</subfield><subfield code="c">FUG</subfield><subfield code="d">OCLCQ</subfield><subfield code="d">OCLCF</subfield><subfield code="d">OCLCO</subfield><subfield code="d">CUS</subfield></datafield><datafield ind1=" " ind2=" " tag="012"><subfield code="i">9603</subfield></datafield><datafield ind1=" " ind2=" " tag="042"><subfield code="a">pcc</subfield></datafield><datafield ind1=" " ind2=" " tag="043"><subfield code="a">n-us-fl</subfield></datafield><datafield ind1="1" ind2="4" tag="050"><subfield code="a">AN</subfield></datafield><datafield ind1="0" ind2=" " tag="130"><subfield code="a">Manatee River journal (Bradenton, Fla. : 1888)</subfield></datafield><datafield ind1="1" ind2="0" tag="245"><subfield code="a">Manatee River journal.</subfield></datafield><datafield ind1=" " ind2=" " tag="260"><subfield code="a">Braidentown, Manatee County, Fla. :</subfield><subfield code="b">Jos. H. Humphries,</subfield><subfield code="c">1888-1898.</subfield></datafield><datafield ind1=" " ind2=" " tag="300"><subfield code="a">10 v.</subfield></datafield><datafield ind1=" " ind2=" " tag="310"><subfield code="a">Weekly</subfield></datafield><datafield ind1="0" ind2=" " tag="362"><subfield code="a">Vol. 1, no. (Aug. 25, 1888)-v.10, no. 52 (Aug. 25, 1898).</subfield></datafield><datafield ind1=" " ind2="0" tag="651"><subfield code="a">Bradenton (Fla.)</subfield><subfield code="v">Newspapers.</subfield></datafield><datafield ind1=" " ind2="0" tag="651"><subfield code="a">Manatee County (Fla.)</subfield><subfield code="v">Newspapers.</subfield></datafield><datafield ind1=" " ind2="7" tag="651"><subfield code="a">Florida</subfield><subfield code="z">Bradenton.</subfield><subfield code="2">fast</subfield><subfield code="0">(OCoLC)fst01213369</subfield></datafield><datafield ind1=" " ind2="7" tag="651"><subfield code="a">Florida</subfield><subfield code="z">Manatee County.</subfield><subfield code="2">fast</subfield><subfield code="0">(OCoLC)fst01211771</subfield></datafield><datafield ind1=" " ind2="7" tag="655"><subfield code="a">Newspapers.</subfield><subfield code="2">fast</subfield><subfield code="0">(OCoLC)fst01423814</subfield></datafield><datafield ind1=" " ind2=" " tag="752"><subfield code="a">United States</subfield><subfield code="b">Florida</subfield><subfield code="c">Manatee</subfield><subfield code="d">Bradenton.</subfield></datafield><datafield ind1="0" ind2="7" tag="785"><subfield code="t">Braidentown news</subfield></datafield><datafield ind1="0" ind2="7" tag="785"><subfield code="t">Manatee River journal and Braidentown news</subfield><subfield code="w">(DLC)sn 96027181</subfield><subfield code="w">(OCoLC)34295561</subfield></datafield><datafield ind1="4" ind2="1" tag="856"><subfield code="3">09/05/1889</subfield><subfield code="u">08/28/1890</subfield><subfield code="u">http://infoweb.newsbank.com/?db=EANX&amp;s_browseRef=decades/114D3D4E726569B8/all.xml</subfield></datafield><datafield ind1=" " ind2=" " tag="850"><subfield code="a">FU</subfield></datafield><datafield ind1="1" ind2=" " tag="029"><subfield code="a">AU@</subfield><subfield code="b">000025919488</subfield></datafield></record>